<record><leader>00000cas a2200000 a 4500</leader><controlfield tag="001">10862536</controlfield><controlfield tag="008">840620d19831995nyudr ne      0   a0eng c</controlfield><datafield ind1=" " ind2=" " tag="010"><subfield code="a">sn 86011641 </subfield></datafield><datafield ind1=" " ind2=" " tag="040"><subfield code="a">XQM</subfield><subfield code="b">eng</subfield><subfield code="c">XQM</subfield><subfield code="d">NSD</subfield><subfield code="d">DLC</subfield><subfield code="d">YOX</subfield><subfield code="d">NSD</subfield><subfield code="d">CRL</subfield><subfield code="d">NYS</subfield><subfield code="d">NVF</subfield><subfield code="d">DLC</subfield><subfield code="d">OCL</subfield><subfield code="d">NYS</subfield><subfield code="d">OCLCQ</subfield><subfield code="d">OCLCF</subfield><subfield code="d">OCLCO</subfield></datafield><datafield ind1=" " ind2=" " tag="012"><subfield code="m">X</subfield></datafield><datafield ind1="1" ind2=" " tag="022"><subfield code="a">0889-793X</subfield><subfield code="l">0889-793X</subfield><subfield code="2">1</subfield></datafield><datafield ind1="1" ind2=" " tag="029"><subfield code="a">AU@</subfield><subfield code="b">000020422973</subfield></datafield><datafield ind1=" " ind2=" " tag="037"><subfield code="b">Newsday, Long Island, NY 11747</subfield></datafield><datafield ind1=" " ind2=" " tag="042"><subfield code="a">pcc</subfield></datafield><datafield ind1=" " ind2=" " tag="043"><subfield code="a">n-us-ny</subfield></datafield><datafield ind1=" " ind2="0" tag="222"><subfield code="a">Newsday</subfield><subfield code="b">(New York ed.)</subfield></datafield><datafield ind1="0" ind2="0" tag="245"><subfield code="a">New York edition newsday.</subfield></datafield><datafield ind1="1" ind2="3" tag="246"><subfield code="a">Newsday</subfield></datafield><datafield ind1="1" ind2="3" tag="246"><subfield code="a">New York newsday</subfield></datafield><datafield ind1="1" ind2="3" tag="246"><subfield code="a">Newsday New York City</subfield></datafield><datafield ind1="1" ind2="0" tag="246"><subfield code="a">Sunday newsday</subfield></datafield><datafield ind1=" " ind2=" " tag="250"><subfield code="a">New York ed.</subfield></datafield><datafield ind1=" " ind2=" " tag="260"><subfield code="a">New York, N.Y. :</subfield><subfield code="b">Newsday Inc.,</subfield></datafield><datafield ind1=" " ind2=" " tag="300"><subfield code="a">v. :</subfield><subfield code="b">ill. ;</subfield><subfield code="c">37 cm.</subfield></datafield><datafield ind1=" " ind2=" " tag="310"><subfield code="a">Daily</subfield></datafield><datafield ind1="0" ind2=" " tag="362"><subfield code="a">Vol. 44, no. 9 (Sept. 11, 1983)-v. 55, no. 316 (July 16, 1995).</subfield></datafield><datafield ind1=" " ind2=" " tag="500"><subfield code="a">Sunday ed. called: Sunday newsday.</subfield></datafield><datafield ind1=" " ind2=" " tag="530"><subfield code="a">Available on microfilm from Recordak.</subfield></datafield><datafield ind1=" " ind2="0" tag="651"><subfield code="a">New York (N.Y.)</subfield><subfield code="v">Newspapers.</subfield></datafield><datafield ind1=" " ind2="0" tag="651"><subfield code="a">New York County (N.Y.)</subfield><subfield code="v">Newspapers.</subfield></datafield><datafield ind1=" " ind2="7" tag="655"><subfield code="a">Newspapers.</subfield><subfield code="2">fast</subfield><subfield code="0">(OCoLC)fst01423814</subfield></datafield><datafield ind1=" " ind2="7" tag="651"><subfield code="a">New York (State)</subfield><subfield code="z">New York.</subfield><subfield code="2">fast</subfield><subfield code="0">(OCoLC)fst01204333</subfield></datafield><datafield ind1=" " ind2="7" tag="651"><subfield code="a">New York (State)</subfield><subfield code="z">New York County.</subfield><subfield code="2">fast</subfield><subfield code="0">(OCoLC)fst01234953</subfield></datafield><datafield ind1=" " ind2=" " tag="752"><subfield code="a">United States</subfield><subfield code="b">New York</subfield><subfield code="c">New York</subfield><subfield code="d">New York.</subfield></datafield><datafield ind1="0" ind2=" " tag="775"><subfield code="t">Newsday (Hempstead, N.Y. : Nassau ed.)</subfield><subfield code="x">0278-5587</subfield><subfield code="w">(DLC)sc 80000689</subfield><subfield code="w">(OCoLC)5371847</subfield></datafield><datafield ind1="0" ind2=" " tag="775"><subfield code="t">Newsday (Hempstead, N.Y. : Suffolk ed.)</subfield><subfield code="w">(DLC)sn 85042840</subfield><subfield code="w">(OCoLC)12893149</subfield></datafield><datafield ind1="0" ind2="0" tag="780"><subfield code="t">Newsday (New York, N.Y.)</subfield><subfield code="w">(DLC)sn 89070133</subfield></datafield><datafield ind1="0" ind2="0" tag="785"><subfield code="t">Newsday (Melville, N.Y.)</subfield><subfield code="w">(DLC)sn 95071321</subfield><subfield code="w">(OCoLC)32880955</subfield></datafield></record>